@book{borrelli_bemporad_morari_2017, place={Cambridge}, title={Predictive Control for Linear and Hybrid Systems}, DOI={10.1017/9781139061759}, publisher={Cambridge University Press}, author={Borrelli, Francesco and Bemporad, Alberto and Morari, Manfred}, year={2017}}
